% @url{Cisco2,
%   optauthor = {CISCO SYSTEMS},
%   opttitle = {Cisco Annual Internet Report (2018 - 2023) White Paper},
%   year = {2020},
%   address = {San Jose, CA},
%   publisher = {Cisco},
%   url = {https://www.cisco.com/c/en/us/solutions/collateral/executive-perspectives/annual-internet-report/white-paper-c11-741490.html},
% {urlaccessdate = "08/07/2020}},

% { output.bibitem
%   begin.nbr6022.2018
%   format.author.or.editor.or.organization new.sentence
%   iso.year.label
%   format.type output
%   format.btitle output new.sentence
%   format.furtherresp new.sentence
%   format.publisher.address.relax output
%   format.date output  new.block
%   format.book.pages output new.sentence
%   format.illustrated
%   format.dimensions  new.sentence
%   format.howpublished output  new.block
%   format.volume.number.series output new.sentence
%   format.note output  new.block
%   format.url
%   fin.entry
%   empty.misc.check
%   end.nbr6022.2018
% }